2714 4780
531 75 539 102 l

595 200 988 354 tiirnn,

253 469 286 512 τε
298 443 385 512 1ἄλλο
409 443 462 510 κοιλ
477 442 591 520 παῖδας
604 434 740 540 ‘iustiti'
767 439 909 526 ἐποιήσω,
937 440 980 519 οἱς
1008 439 1193 530 ἀρεσκούοης
1213 469 1287 514 oet·

218 549 306 644 anic
326 539 460 632 πόλεως..
484 543 528 607 ἔτι
547 545 648 614 τοίνυν
668 543 699 606 ἐν
713 541 790 640 αὐτῇ
800 547 846 626 ’τῆ
865 539 931 638 δίκῃ
951 542 1019 624 ἐξῆν
1036 565 1086 607 eos
1105 549 1200 625 φυγῆς
1218 565 1263 610 τι·
1351 545 1352 548 ’

253 771 327 823 tivus
349 767 459 838 perdet
478 784 496 819 a
519 745 608 820 veibo
628 766 729 841 ὁμολο-

249 839 320 910 -γεῖν,
338 835 467 889 futurum
484 837 665 900 servavimus,
686 853 728 888 se-

256 904 354 956 eundo
372 916 477 970 autem,
494 905 544 956 ubi
564 923 580 956 a
591 907 732 970 ξυννίθεσ-

255 975 324 1037 θαι,
353 989 489 1043 praesens
523 973 729 1044 adoptavimus.

256 1041 325 1094 Non
354 1057 412 1111 quo
444 1057 578 1112 praesens
608 1042 640 1093 in
672 1042 729 1094 illis

212 1123 218 1139 ν
257 1126 375 1178 quoque
398 1109 507 1162 locum
521 1109 628 1161 habere
645 1125 730 1182 posse

232 1194 235 1208 ·
256 1176 415 1250 praefracte
427 1195 577 1248 negemus3
595 1177 645 1230 sed
658 1195 730 1247 quo·

256 1243 336 1298 niam
351 1245 383 1298 in
400 1262 430 1297 re
448 1263 510 1298 non
523 1260 730 1324 usquequaque

204 1341 207 1356 ·
256 1325 342 1391 certa,
367 1313 511 1366 rationem
536 1315 665 1434 alpqqam
687 1329 730 1383 sse·

257 1400 307 1451 qui
333 1398 448 1436 neeesse
480 1393 530 1435 est.
613 1382 730 1434 imirum

255 1447 334 1500 haud
354 1461 481 1502 rarenter
510 1449 628 1521 quidem
653 1467 670 1502 a
687 1447 730 1502 vi-

254 1518 293 1570 ris
319 1517 411 1570 doctis
431 1527 601 1572 annotatum
620 1529 670 1584 est,
696 1517 730 1568 in

254 1585 403 1637 sententiis
429 1583 643 1655 promittendi,
666 1603 731 1656 spe·

256 1649 356 1719 randi,
369 1651 544 1719 expectandi
555 1650 731 1706 infinitivum

256 1720 353 1772 eoristi
377 1738 494 1791 quoque
520 1731 548 1772 et
571 1721 730 1791 praesentis

254 1787 322 1840 loco
344 1785 433 1840 futuri
458 1789 608 1842 adhiberi:
630 1789 680 1841 sed
697 1789 731 1840 in

256 1857 393 1926 exemplis
414 1875 476 1908 non
499 1857 566 1909 satis
584 1857 731 1910 interdum

254 1923 447 1977 distinxerunt
472 1925 562 1977 iidem
586 1941 662 1998 quae
689 1925 732 1976 di·

256 1992 429 2062 stinguenda
486 2001 584 2046 tamen
642 2003 732 2046 erant.

88 2117 91 2126 ,
160 2087 165 2098 =
256 2061 374 2138 Quippe
393 2061 568 2114 secernenda
590 2061 732 2138 imprimis

222 2187 223 2192 ¹
256 2139 324 2179 sunt
341 2129 394 2180 illa
412 2131 504 2181 verba*
519 2129 622 2200 quibus
646 2141 729 2180 notro

255 2198 319 2265 ipsa
341 2197 547 2266 promittendi,
585 2195 730 2268 sperandi,

195 2294 199 2308 =
256 2265 426 2334 expectandi
439 2266 521 2329 inest,
539 2275 571 2316 ut
587 2265 617 2316 h.
629 2266 650 2318 l.
668 2283 733 2319 σον-

254 2335 400 2397 emesan,
419 2346 452 2385 ut
462 2335 582 2404 ἐλπιζζεινν
601 2333 731 2395 ttulistis,

202 2467 205 2475 ⁴
255 2411 290 2452 ut
303 2401 466 2476 προσδοκᾷν,
483 2400 608 2463 ἐπίδοξον
624 2395 692 2466 sieut
704 2410 732 2450 et

256 2469 320 2521 sim.
355 2469 434 2521 Haec
454 2470 533 2520 enim
549 2468 649 2520 omnia
667 2465 732 2518 infi-

257 2537 380 2589 nitivum
402 2537 491 2590 futuri
515 2553 577 2588 non
595 2545 734 2606 respuunt

258 2605 385 2675 quidem,
408 2606 498 2656 immo
525 2604 652 2672 crebrius
675 2604 733 2656 sor-

256 2684 330 2726 tasse
350 2673 508 2737 asciscunt3
532 2673 734 2749 sedquoniam

258 2759 309 2793 sua
319 2750 420 2792 natura
428 2741 538 2792 futuras
550 2742 733 2811 potissimum

257 2825 301 2861 res
325 2819 465 2877 spectant,
489 2808 733 2880 sinetperspicui-

256 2875 321 2928 tatis
341 2875 447 2928 damno
467 2873 626 2929 infinitivus
647 2878 733 2929 etiam

256 2947 422 3014 praesentis
443 2963 510 2997 eum
533 2961 577 2996 res
599 2945 734 2998 duratura

216 3011 220 3018 ’
258 3009 446 3082 significanda
469 3023 520 3078 est,
548 3023 597 3065 aut
613 3017 749 3082 aoristt',·

218 3109 221 3114 ·
259 3097 326 3132 cum
343 3082 464 3136 rescito
485 3080 669 3148 absolvenda,
687 3081 733 3134 his

282 3147 378 3200 uidem
414 3149 507 3201 verbis
530 3149 733 3220 ’subjungitun

259 3167 325 3270 iit.
354 3215 459 3284 Heind.
486 3215 521 3270 ad
545 3217 671 3270 Phaedo.
689 3223 733 3273 32.

258 3285 387 3338 Lobeck.
413 3285 449 3336 ad
474 3283 581 3354 Pht-yn.
615 3305 644 3366 p.
674 3293 733 3341 133.

260 3353 369 3404 Contra
380 3353 402 3404 si
413 3354 500 3408 verba
512 3355 652 3425 ejusmodi
665 3371 734 3424 qua-

259 3421 300 3472 lia
310 3432 375 3473 sunt
385 3423 503 3486 οἴεσθαι,
521 3423 617 3492 φάναι,
636 3421 736 3494 ὁμολο-

193 3523 196 3530 ·
258 3492 318 3562 γεῖν
334 3489 403 3541 1οοο’
419 3490 536 3542 illorum
553 3499 734 3560 usurpantur,

258 3558 332 3613 ,ratio
358 3559 453 3629 poscit
477 3559 594 3638 proprie
622 3568 654 3607 ut
671 3573 735 3609 sen-

259 3645 303 3678 sus
315 3625 496 3698 expectandi,
513 3625 657 3696 sperandi,
667 3644 734 3696 pro-

258 3695 391 3748 mittendi
418 3692 523 3746 addico
547 3692 662 3763 futuro
675 3694 735 3745 ·de-

259 3765 395 3815 claretur:
415 3779 484 3812 nam
502 3775 527 3813 e.
548 3779 574 3834 g.
597 3760 737 3835 ὁμολογεῖς

208 3876 210 3884 ,
257 3829 339 3894 οὕτως
357 3823 433 3891 εἶναι,
457 3828 597 3908 ὁμολογεῖς
613 3847 737 3904 παραγε-

256 3901 356 3954 νέσθαι
387 3897 475 3966 longe
514 3897 592 3949 aliud
631 3910 736 3950 sonant

260 3982 347 4036 quam
358 3965 381 4016 'si
397 3965 492 4016 eidem
504 3967 593 4018 verbo
606 3966 736 4020 futurum

257 4033 362 4084 addas:
382 4050 469 4102 quare
487 4033 628 4108 ὁμολογεῖν
650 4053 736 4087 sensu

255 4101 446 4170 promittendi
458 4118 523 4154 cum
532 4100 629 4154 futuro
640 4121 655 4155 e
667 4123 736 4157 con·

256 4166 411 4222 suetudine
430 4169 547 4240 linguae
568 4182 618 4236 est,
637 4183 670 4224 ut
687 4191 734 4226 co·
799 4191 802 4200 ’

785 781 905 840 gnqscas
932 780 967 818 ex
997 763 1139 836 Stephani
1164 764 1264 832 Thesi,

785 837 876 889 Sturz.
887 834 956 886 Lex.
970 834 1107 905 Xenoph.
1122 846 1176 888 etc.
1208 837 1264 890 Ne·

787 920 844 974 que
860 913 959 956 tamen
975 901 1048 954 haec
1062 901 1161 972 regula
1177 903 1262 956 statui

786 981 896 1044 potestr
922 979 965 1021 sat
989 969 1080 1022 multa
1100 966 1179 1022 eniin
1199 982 1265 1023 sunt

788 1037 1044 1108 exemplahorurn
1063 1037 1181 1108 quoque
1203 1055 1264 1092 ver-

785 1107 891 1160 bosum
909 1124 976 1158 cum
994 1107 1102 1158 aoristo
1117 1107 1164 1159 vel
1183 1124 1264 1178 prae-

786 1175 861 1228 senti
902 1173 974 1226 loco'
1014 1173 1103 1228 futuri
1144 1186 1294 1227 structo-1

785 1261 867 1307 rum3
907 1259 1012 1294 uorum
1037 1243 1075 1294 ali
1119 1253 1150 1294 ot
1174 1261 1264 1318 appo-

786 1312 845 1367 suit
899 1310 977 1371 eind.
1014 1311 1052 1364 ad
1078 1261 1193 1364 iliata.
1223 1317 1262 1372 19.

788 1377 894 1450 Qualia
929 1376 979 1430 ubi
1039 1379 1117 1430 lura'
1141 1397 1176 1432 co
1202 1391 1264 1432 ecta

787 1457 879 1512 erunt,
900 1448 1003 1498 certius
1018 1397 1142 1501 iortasse
1161 1447 1263 1518 digno·

767 1541 771 1554 ¹
786 1526 906 1569 scantur·
918 1531 963 1580 ea,
982 1515 1014 1567 in
1031 1515 1136 1586 quibus
1150 1533 1204 1588 per
1214 1531 1266 1570 ne·

786 1601 855 1636 xum
872 1584 1026 1634 verborum
1051 1583 1180 1636 futurum
1198 1583 1264 1636 satis

788 1653 949 1704 declaratur
973 1650 1062 1720 (conii
1091 1651 1169 1704 dicta
1189 1651 1266 1704 infra

787 1721 826 1773 ad
841 1720 934 1773 Alcib.
954 1719 976 1772 l.
995 1715 1022 1775 lt.
1044 1719 1097 1789 e),
1122 1720 1159 1772 ab
1179 1719 1215 1773 iis
1233 1719 1266 1794 in

808 1789 903 1865 uibus·
914 1797 966 1858 p'er
985 1785 1113 1857 aliquam
1129 1805 1196 1840 usus
1214 1805 1264 1840 ne-

787 1857 955 1928 gigentram
980 1865 1112 1928 tempora
1135 1873 1197 1908 non
1223 1873 1268 1909 sa·
1354 1909 1355 1920 ,

786 1926 824 1977 tis
839 1923 1062 1994 distinguuntur,
1083 1934 1111 1974 et
1121 1925 1156 1975 ab
1169 1923 1205 1990 iis
1218 1924 1268 1977 de·

788 1994 877 2061 nique
899 2007 972 2068 quae
983 1991 1123 2043 mendosa
1137 2005 1213 2056 sunt,
1230 1993 1268 2045 li·

786 2060 883 2112 brario
903 2075 936 2110 m
954 2059 1038 2112 unius
1056 2059 1170 2113 litterae
1183 2060 1267 2114 dille·

789 2128 882 2180 rentia
913 2127 1000 2180 facile
1027 2128 1153 2181 labente.
1191 2131 1253 2180 Inte

787 2196 844 2250 rim
871 2205 972 2247 contra
993 2211 1166 2249 consensum
1185 2197 1266 2250 codi-

789 2283 855 2317 cum
867 2263 943 2314 nihil
953 2249 1125 2332 minandum
1134 2276 1184 2318 est.
1213 2267 1264 2317 lte-

790 2349 845 2403 que
863 2341 940 2383 recte
958 2331 1065 2383 Heind.
1090 2333 1122 2384 in
1139 2333 1265 2403 Euthyd.

787 2419 817 2472 p.
839 2403 898 2458 278.
918 2418 943 2451 c.
958 2400 1062 2469 ἐφάτην
1078 2399 1269 2466 eistetensem

766 2514 770 2520 .
788 2485 873 2520 sensu
883 2468 1084 2540 promittendi,
1097 2470 1176 2539 quod
1186 2489 1267 2522 nunc

790 2537 876 2589 etiam
905 2553 1005 2588 omnes
1027 2536 1154 2589 Bekkeri
1180 2537 1267 2591 codd.

787 2605 938 2678 praebent,
960 2615 1062 2657 eontra
1072 2605 1214 2676 Stephani
1227 2607 1268 2659 le·

787 2691 853 2726 vem
871 2686 940 2724 sane
959 2672 1151 2726 mutationem
1167 2677 1271 2732 -εσθαν

789 2742 877 2794 tuitus
898 2751 955 2802 est3
982 2751 1010 2792 et
1029 2757 1082 2796 nos
1101 2741 1191 2794 modo
1210 2743 1267 2814 (te.

785 2805 826 2881 e.)
838 2809 1008 2882 ὁμολογήσας
1018 2837 1052 2850 ·-
1062 2812 1216 2865 πείθεσθαι
1224 2812 1269 2864 in·

788 2877 899 2930 tactum
924 2877 1109 2948 reliquimus,
1137 2879 1268 2949 quamvis

788 2945 888 3034 paucis
907 2955 983 2997 retro
1005 2945 1134 2998 versibus
1157 2947 1270 3018 legetur

788 3014 989 3132 ωμολογηνέναι
1004 3041 1039 3053 -
1055 3015 1183 3082 πονήσειν.
1213 3011 1269 3068 Ve-

790 3099 855 3135 rum
898 3099 933 3134 oc
959 3081 995 3133 de
1020 3099 1079 3152 quo
1104 3099 1184 3138 nunc
1201 3101 1271 3137 eum

791 3150 916 3202 maxime
932 3149 1041 3220 agimus
1058 3150 1126 3203 loco
1146 3167 1163 3204 a
1181 3152 1269 3207 c'odd.

792 3217 919 3270 destituti
949 3235 1011 3270 non
1040 3235 1147 3272 sumus.
1193 3221 1271 3273 Nam

790 3297 857 3357 post
874 3285 994 3338 verbum
1015 3287 1135 3356 quidem
1151 3289 1271 3352 ξννὲθον

790 3369 925 3474 praesens
941 3357 982 3405 est
998 3355 1030 3406 in
1044 3355 1178 3407 omnibus
1192 3356 1271 3408 Bek-

814 3422 853 3474 eri
874 3422 958 3476 codd.
984 3433 1012 3474 et
1036 3421 1068 3474 in
1088 3424 1202 3488 Clark.3
1238 3435 1273 3477 ut

785 3491 852 3542 ,sere
866 3488 999 3542 diffidam
1009 3491 1146 3554 Fischeri,
1163 3494 1213 3562 qui
1226 3504 1271 3544 ter

791 3559 919 3612 futurum
936 3560 1043 3630 posuit,
1064 3559 1099 3612 de
1112 3561 1176 3612 cod.
1190 3561 1269 3614 Tub:

791 3627 916 3680 silentio.
953 3623 1011 3678 Sed
1039 3627 1071 3680 in
1088 3629 1177 3683 serbo
1199 3627 1273 3700 ὁμο-

790 3698 884 3770 λογεῖν
896 3695 1048 3764 utrobique
1060 3695 1189 3748 futurum
1202 3713 1275 3753 eno·¹

791 3776 883 3816 tatum
901 3775 943 3816 est
967 3779 1001 3814 ex
1022 3775 1104 3834 parte
1123 3765 1271 3830 codicum,

793 3840 821 3886 et
838 3833 928 3904 priori
949 3831 1067 3899 quidem
1083 3833 1151 3884 loco
1165 3849 1199 3884 ex
1211 3851 1271 3885 ma·

793 3917 866 3972 gnae
885 3899 1061 3952 auctoritatis
1086 3901 1139 3952 illo
1157 3903 1272 3954 Clarki-

793 3987 860 4032 ano,
878 3967 1042 4037 posteriori,
1069 3985 1104 4020 ex
1130 3969 1184 4021 illo
1207 3971 1272 4040 qui·

792 4037 869 4101 dem,
888 4035 985 4106 etqui
1012 4037 1037 4088 ei
1053 4048 1128 4088 ¹sunt
1145 4040 1273 4092 consoni

793 4105 863 4170 lere,
881 4121 952 4168 non,
970 4104 1052 4156 sede
1071 4117 1182 4176 septem
1195 4107 1271 4162 aliis.

1185 4237 1274 4338 tn-
