2714 4780
163 283 201 359 Ἀ
250 253 427 412 '119'¹
497 335 502 346 ·
614 240 919 380 ‘aecensus
1047 337 1052 350 .
1135 241 1140 254 ’
1209 326 1213 352 .

293 485 374 556 parte
390 477 544 534 Prisciani.
572 496 737 552 quanquam
759 431 903 554 vulgatam
924 459 1082 536 lectionem
1106 467 1186 546 ουιός
1205 501 1291 556 ye-,

293 585 340 618 και
331 559 430 617 τόνδε
448 548 531 614 δι’·
496 580 581 614 nu-
580 574 671 626 ,nort
688 563 810 615 omnino
828 562 933 614 malam
952 577 1012 614 esse
1030 578 1212 624 censeamus.
1239 565 1291 616 Sed

291 651 433 714 praestare
452 639 564 692 videtur
580 643 668 693 artior
684 642 760 694 hic'
751 655 884 718 junctura
898 655 971 712 quae
990 641 1023 694 iit
1039 661 1091 716 per
1106 663 1135 700 te
1146 643 1234 700 -καὶ
1246 665 1291 696 ·-·

291 720 448 796 praemisso
465 732 561 773 autem
579 742 608 778 te
626 723 748 776 molesta
768 735 809 776 est
825 723 951 778 formula
962 721 1064 779 'stui·-
1079 723 1116 780 δι’.

375 993 378 1000 .
446 957 447 962 ‘
527 957 810 1020 excuasusu
776 957 932 1039 neap.
958 958 1005 1021 to.
1028 983 1057 1022 a.

331 1103 456 1163 ·Ἢ”τινι
466 1103 514 1177 μὲν
530 1101 671 1175 adiunctos
684 1127 784 1181 τροπῳ
801 1129 852 1162 τινι
843 1105 938 1163 da
903 1128 945 1184 ou
980 1109 1072 1162 Sicin
1088 1107 1214 1183 antiquis
1233 1110 1291 1164 edd.

292 1189 430 1259 scriptum
451 1197 518 1250 erat,
537 1203 633 1258 neque
646 1187 797 1258 qnisquam
813 1189 849 1242 d'e
860 1189 976 1244 veritate
991 1191 1049 1260 ejus
1062 1190 1197 1250 lectionis
1217 1191 1291 1246 dubi·

245 1293 246 1300 *
291 1273 385 1334 taceat,
410 1267 466 1322 uisi
487 1266 590 1342 Steph.
610 1283 667 1338 pro
682 1268 798 1340 τιιὶχμὲν
821 1269 956 1322 edidisset
971 1269 1034 1334 τοὺς
1050 1272 1106 1342 μὲν,
1124 1272 1188 1326 sine
1205 1290 1293 1340 sensu,

290 1351 412 1421 margini
431 1361 527 1402 autem
542 1349 721 1420 apposuisset
737 1349 823 1402 haec:
841 1359 877 1406 11.
894 1349 935 1418 (h.
949 1367 973 1402 e.
994 1345 1116 1424 ιὲόιερον)
1133 1345 1223 1427 τρόπῳ
1239 1350 1293 1428 τινὶ,

217 1497 221 1506 ¹
288 1432 341 1488 reri
357 1428 446 1486 diod:
479 1431 560 1482 Mala
575 1428 656 1482 'haee
680 1431 789 1501 utiquo·
803 1441 863 1484 erat
882 1430 1061 1507 conjectura:
1086 1431 1233 1498 n'amzrcbc
1250 1434 1293 1506 μὲν

290 1508 661 1568 manebatdroenmtddotor
678 1522 713 1562 ‘et
725 1511 894 1564 iasciticium
917 1509 991 1564 illud
1011 1515 1138 1570 terdeno
1156 1517 1204 1588 μέν
1222 1532 1292 1568 care·
1353 1549 1354 1562 .

289 1597 349 1648 bat.
384 1591 442 1646 Sed
467 1609 502 1644 eo
526 1592 620 1655 minus
649 1590 784 1643 dubitare.
803 1593 954 1662 quisquam
970 1603 1091 1664 poterat,
1111 1595 1195 1662 illud,
1220 1595 1292 1666 quod
1353 1597 1354 1616 ¹

290 1678 323 1730 in
341 1685 420 1726 textu
438 1673 474 1724 ab
486 1689 530 1723 eo
547 1672 675 1744 positum
700 1685 778 1737 erat*
796 1691 811 1724 e
831 1673 932 1726 codice
957 1675 1056 1744 aliquo
1076 1676 1202 1728 fluxisse.
1235 1678 1293 1728 Jam

288 1757 401 1810 Forster
425 1756 554 1826 quamvis
578 1771 675 1808 veram
699 1765 728 1805 et
754 1755 904 1824 antiquam
935 1754 1092 1810 lectionem
1121 1759 1292 1822 restituisset,

275 1839 386 1896 ¹turbas
411 1835 509 1888 tamen
532 1836 610 1886 auxit
634 1834 792 1899 monendo,
825 1827 969 1906 Stephani
991 1839 1174 1908 conjecturae
1197 1856 1292 1905 „acce-

289 1921 356 1974 dere
369 1917 586 1988 quodammodo
598 1917 659 1969 MS.
673 1917 744 1986 R'eg.
755 1915 911 1968 habentem
921 1913 982 1980 τοὺς
992 1918 1040 1988 μὲν
1057 1911 1197 1988 ἀδικητέον
1207 1921 1293 1994 τρόπῳ
1351 1931 1352 1972 ἶ

288 2001 340 2058 τινὶ
354 2001 410 2071 μὲν,
430 1995 481 2052 τινὶ
497 1997 526 2053 δὲ
546 1997 607 2052 οὕ.”
643 1999 743 2066 Itaque
763 2007 829 2048 ante
849 1995 963 2049 codices
981 1998 1034 2051 rite
1048 1997 1292 2072 inspectos·nemo
1351 2065 1352 2068 Ἴ

220 2139 222 2146 ,
289 2101 351 2134 non
363 2089 594 2152 putarepoterat‚
616 2095 674 2130 esse
686 2078 813 2146 aliquam
831 2077 1025 2132 cumvocibus
1038 2079 1100 2144 τοὺς
1109 2081 1201 2154 (eisin
1211 2081 1291 2134 codd.
1351 2113 1352 2118 =

288 2164 453 2217 varietatem
474 2158 509 2211 de
529 2175 585 2228 qua
602 2157 700 2228 aliquo
718 2157 807 2208 modo
829 2159 1012 2213 statuendum
1040 2162 1085 2214 sit.
1116 2163 1202 2216 At
1194 2183 1226 2216 tn
1244 2163 1293 2216 XV

291 2261 414 2315 quorum
432 2241 574 2294 lectiones
588 2250 654 2292 ante
673 2237 773 2292 oculos
788 2238 877 2290 hodie
892 2238 1032 2294 habemus
1050 2233 1204 2300 codicibus
1219 2245 1294 2316 <x111

198 2325 204 2338 '
267 2357 269 2376 ι
288 2322 488 2388 Bekkerianis,
507 2322 603 2372 Clark.
626 2319 759 2388 οιιΤιιίι.)
778 2313 853 2370 nihil
871 2321 927 2374 nisi
945 2324 1064 2394 antiqua
1084 2325 1135 2377 illa
1158 2327 1294 2397 scriptrua

288 2405 401 2479 reperta
427 2413 478 2466 est,
498 2417 593 2470 neque
617 2401 774 2490 quicquam
800 2400 941 2454 varietatis
969 2415 1010 2456 est
1038 2405 1116 2476 apud
1141 2407 1295 2460 Eusebium

287 2489 355 2542 loco
370 2487 401 2540 in
419 2484 494 2535 notis
510 2479 638 2532 laudato.
655 2519 658 2524 .
678 2480 714 2532 Et
727 2481 832 2534 mirum
847 2493 945 2534 tamen
962 2483 1071 2552 fuisset,
1091 2487 1114 2538 si
1133 2489 1293 2560 Stephanus

249 2624 252 2634 ,
290 2582 318 2622 et
334 2571 455 2630 Forster,
478 2563 526 2636 qui
545 2561 657 2614 nullam
674 2573 822 2632 praeterea
845 2563 1003 2618 lectionem
1021 2569 1205 2638 protulerunt
1224 2585 1294 2639 quae

286 2669 350 2704 non
362 2651 394 2701 in
405 2657 486 2718 parte
504 2655 602 2694 tamen
619 2643 736 2696 illorum
749 2644 838 2700 hodie
857 2645 975 2698 inventa
994 2648 1038 2713 sit,
1056 2647 1106 2701 hic
1117 2651 1230 2722 aliquid
1240 2653 1294 2722 pti·

286 2750 355 2784 vum
373 2741 493 2798 uterque
505 2726 670 2778 habuerim
706 2727 763 2778 Sed
781 2727 892 2780 nodum
903 2725 989 2780 solvit
1001 2729 1114 2783 Sallieri
1128 2745 1199 2786 nota
1217 2751 1294 2785 nunc

287 2811 405 2864 demum
424 2807 557 2859 attentius
571 2807 656 2860 lecta.
685 2807 733 2859 Sic
752 2807 830 2860 enim
846 2808 913 2860 ille:
935 2808 963 2862 1l
977 2829 1003 2881 y
1021 2831 1041 2860 ιι
1056 2829 1114 2864 une
1130 2827 1201 2866 note
1219 2832 1295 2866 near·

285 2891 384 2964 ginale
399 2889 437 2942 de
454 2890 549 2941 Henri
565 2890 689 2940 Eeienne
712 2891 762 2958 qui
779 2907 816 2940 ne
830 2888 899 2960 fait
920 2888 1103 2960 qu'indiquer
1122 2913 1180 2946 une
1199 2913 1297 2948 corre·

286 2977 365 3026 ction
383 2953 543 3023 necessaire
557 2985 635 3039 pour
642 2969 768 3040 former
791 2988 832 3020 un
853 2985 918 3022 sens
936 2983 987 3022 net
1005 2969 1078 3024 dans
1099 2973 1289 3028 ἱέιιάι·οιί
1260 2995 1296 3027 ou

286 3055 343 3108 elle
369 3066 417 3105 est
435 3047 544 3122 place'e.
586 3051 666 3103 Eet—
674 3050 702 3102 il
725 3053 885 3119 permis,
910 3048 1054 3104 demanda
1082 3055 1222 3124 Socrate,
1254 3055 1296 3108 de

277 3134 394 3206 faire
411 3134 589 3206 injustice
605 3129 719 3184 d'une
737 3129 1039 3204 certainefapon
1056 3147 1093 3187 et
1109 3135 1223 3190 d’une
1240 3158 1295 3190 au·

286 3229 347 3269 ere
364 3211 461 3278 nnn?
498 3213 525 3266 ll
546 3211 621 3288 faut
642 3211 732 3285 τρόπῳ
751 3210 802 3268 τινὶ
826 3211 882 3283 μὲν,
904 3211 956 3267 τινὶ
971 3209 1005 3268 δ’
1017 3213 1059 3270 od.
1095 3218 1178 3270 Cetae
1197 3236 1296 3270 corre·

282 3301 363 3358 celon
381 3292 419 3355 de
434 3295 470 3346 H.
487 3295 521 3348 E.
542 3307 585 3348 est
602 3291 712 3347 &tablic
729 3305 759 3344 ct
778 3290 936 3366 corfirme'e
954 3314 1016 3364 par·
1034 3295 1063 3349 Ie
1081 3302 1244 3352 mamucric
1260 3295 1296 3350 de
1351 3359 1352 3362 Ἴ

284 3377 315 3430 la
336 3375 411 3430 Bibl.
436 3373 476 3428 du
501 3375 569 3431 flos.
605 3378 731 3448 Apparet
752 3373 904 3428 Sallierum
930 3387 1044 3446 praeter
1065 3377 1209 3470 Stephani
1234 3392 1294 3432 tex·
1351 3383 1352 3458 i

283 3469 345 3510 tum
362 3457 507 3528 cognitum
531 3458 665 3511 habuisse
682 3455 804 3519 nullum,
822 3455 900 3508 illius
920 3468 1015 3512 autem
1032 3459 1063 3512 in
1083 3461 1213 3531 margine
1233 3479 1294 3517 cot·
1351 3473 1352 3484 ¹

283 3541 443 3594 rectionem
466 3556 521 3611 pro
541 3538 651 3590 indicio
670 3547 782 3588 tantum
796 3535 930 3620 habuisse
948 3541 1160 3594 emendationis
1171 3541 1232 3600 teri
1246 3541 1295 3614 μέν

265 3619 336 3694 ‘pro
354 3641 416 3685 τους
431 3621 488 3693 μέν.
524 3618 612 3672 Vides
632 3619 794 3670 enimcum
816 3615 858 3672 in
874 3637 926 3672 sua
947 3619 1052 3674 horum
1075 3625 1260 3678 verborum
1250 3644 1293 3677 rn-

281 3701 486 3774 terpretatione
521 3699 632 3752 nullam
667 3698 773 3752 horum
808 3697 871 3765 τοὺς
905 3703 954 3772 μὲν
993 3691 1137 3757 rationem
1169 3706 1292 3759 habere.

190 3832 193 3836 .
280 3785 362 3837 Hanc
382 3791 478 3835 autem
495 3780 729 3834 emendationem
754 3779 951 3836 confirmatam
971 3781 1042 3844 di'cit
1063 3771 1165 3862 codi'ce
1184 3787 1292 3858 Regio.

280 3866 425 3919 Nimirum
442 3863 480 3916 ad
498 3879 597 3913 manus
622 3860 725 3918 habuit
747 3881 836 3916 unum
854 3879 870 3916 e
891 3863 1040 3918 codicibus
1063 3867 1122 3920 illis
1146 3869 1199 3939 qui
1219 3869 1293 3921 anu

281 3963 370 4018 quam
390 3943 491 3998 darent
512 3942 670 3996 lectionem
694 3953 723 3996 et
740 3961 794 4016 pro
814 3943 954 4016 Stephani
973 3944 1019 3998 his
1044 3947 1107 4020 τοὺς
1119 3949 1172 4021 μὲν
1189 3965 1294 4004 revera

282 4027 451 4082 exhiberent
464 4023 516 4082 τινι
525 4025 586 4097 nab:
604 4025 644 4077 de
659 4035 782 4096 quorum
794 4027 946 4080 verborum
964 4028 1159 4097 collocatione
1172 4047 1294 4085 securus

279 4108 397 4179 reliquit
419 4107 471 4161 illa
494 4107 546 4160 ubi
570 4105 731 4178 Stephanus
755 4118 889 4178 posuerat
912 4125 994 4162 suum
1014 4111 1075 4165 τινί.
1114 4112 1295 4184 Supervenit

277 4191 396 4244 Forster.
426 4189 461 4253 Is,
479 4199 512 4241 ut
531 4205 565 4242 ex
580 4189 760 4260 praefatione
774 4190 832 4261 ejus
848 4199 936 4261 patet,
949 4191 1062 4244 nullum
1073 4193 1135 4264 ipse
1154 4195 1294 4250 codicem
1350 4219 1351 4238 ι

1237 4293 1293 4328 ms.
