2736 4782
963 45 970 70 Ι
1023 46 1026 56 “
1068 45 1073 61 l

641 173 970 328 ‘manna
1050 203 1053 213 ’

310 401 542 508 σοροναθοῖιτο,
565 409 592 499 ᾧ
615 411 783 502 aristatas
809 424 864 502 τῆς
890 415 1043 503 ζητήσεως.
1078 409 1201 498 εἰκότος
1219 419 1260 486 δ’
1284 423 1320 490 ἂν

309 515 482 602 praedantes
503 514 539 580 ἂν
565 515 589 578 ⁸.
623 513 715 588 αὐτὸς
741 516 799 602 γὰρ
830 510 880 580 ὅδε
907 522 1030 603 πρῶτον
1056 519 1107 602 μέν
1136 520 1179 592 ἐςι
1202 523 1364 607 resparsa,

232 605 235 612 ’
309 614 458 682 πλουσίου
478 636 510 675 τε
534 612 584 690 καὶ
604 618 713 704 σοφοῦ,
736 611 951 695 Ἀνθεμίωνος·
974 612 1007 688 ὃς
1034 615 1147 692 ἐγένετο
1175 610 1321 695 πλούσιος
1362 607 1364 710 2

313 711 368 776 οὖν
388 709 450 774 ἀπὸ
472 714 528 772 τοῦ
553 706 737 792 αὐτομάτου,
767 708 837 772 οὐδὲ
861 707 966 784 δόντος
994 708 1089 802 τινὸς,
1110 705 1210 801 ὥσπερ
1233 715 1250 776 ὁ
1269 721 1321 784 νῦν
1363 727 1364 734 ’

273 815 277 826 ’
311 806 396 880 etmel
414 806 541 888 εἰληφὼς
565 806 605 868 τὰ
625 803 844 892 Πολυκράτους
870 807 1015 892 χρήματα,
1040 807 1186 895 Ἰσμηνίας
1213 809 1240 873 δ’
1258 814 1320 894 Θη-
1363 873 1364 902 ,

309 908 398 991 βαῖος
422 911 450 985 ⁹,
478 902 556 968 ἀλλὰ
582 907 620 996 τῇ
646 891 740 967 αὑτοῦ
765 906 860 984 σοφίᾳ
885 901 1063 988 κτησάμενος
1089 906 1141 972 καὶ
1167 907 1320 990 incutiam.

1362 1009 1364 1030 t

310 1120 359 1181 eal
379 1119 563 1194 σκωπτόμενος
591 1117 645 1188 Ιι’μτὸ
668 1111 785 1192 Σωκρά-

310 1212 372 1253 τους
387 1187 433 1245 tat
451 1193 528 1246 τοῦτο
547 1191 633 1246 ἔπεισε
651 1191 783 1258 Μέλητον,

309 1259 435 1332 ἀσεβείας
464 1257 572 1332 γραφὴν
596 1257 700 1318 δοῦναι,
714 1254 789 1335 tarsi,

309 1327 476 1401 Σωκράτους.
527 1329 592 1398 Qua
628 1337 783 1380 occasione

309 1399 422 1450 discant
442 1395 580 1461 studiosi,
608 1411 643 1446 ex
666 1393 783 1465 optimis

308 1467 486 1519 diversorum
518 1464 659 1520 librorum
679 1459 781 1526 codd.
821 1491 822 1496 =

309 1551 374 1586 mss.
402 1531 491 1584 hodic
515 1542 661 1594 constare,
682 1520 786 1580 falsam

309 1619 369 1656 etse
389 1600 559 1670 scripturam
579 1597 790 1668 pervulgatam,

310 1673 389 1741 cujus
416 1667 622 1738 ,quantitatem
663 1665 784 1716 miraba-

214 1770 220 1778 ·
308 1755 372 1790 mur
392 1752 501 1801 omues,
519 1734 645 1786 nominis
659 1734 786 1800 Μέλιτος.

308 1809 416 1861 Verum
443 1805 479 1856 de
505 1805 616 1871 Anyto,
651 1813 683 1854 ut
705 1813 792 1879 repta*

308 1872 571 1937 Schleiermacher,
605 1871 807 1925 testimon10·'

307 1961 370 1996 rum
388 1941 465 1994 nihil
487 1958 558 2010 opus
587 1950 637 2004 est,
660 1957 726 1990 cum
743 1938 783 1990 ita

307 2013 356 2065 hic
381 2027 445 2062 eant
468 2009 610 2080 producat
634 2007 725 2072 Plato,
751 2017 784 2083 ut

305 2090 417 2132 tantum
435 2095 496 2130 non
512 2077 584 2147 ipse,
600 2075 685 2128 illum
704 2091 734 2126 se
750 2091 783 2126 m

307 2149 404 2201 animo
416 2147 522 2198 habere
533 2145 692 2213 eloquatur.
713 2143 780 2212 Quo

233 2237 236 2245 ¹
306 2217 380 2272 illud
400 2215 486 2268 etiam
512 2217 621 2281 spectat
646 2209 726 2281 quod
745 2211 786 2262 iis.

307 2303 381 2357 qttae
400 2284 436 2336 de
450 2285 543 2350 Anyto
563 2291 728 2341 accusatore
739 2275 781 2330 le-

325 2365 411 2406 untur
433 2349 464 2402 in
491 2349 632 2420 Apologia
656 2344 780 2400 Socratis

306 2374 523 2490 Aenophontea
539 2423 581 2476 29.
599 2420 650 2500 τοῖν
665 2413 784 2492 μεμίςονν

218 2523 220 2538 ·
305 2488 360 2546 itai
378 2492 423 2557 τῆς
435 2484 538 2549 πόλεως
552 2483 718 2562 ἀξιουμενον,
744 2501 780 2538 st·

307 2557 429 2610 millima
450 2566 517 2606 sttut
534 2553 606 2604 haec
629 2571 660 2606 tn
681 2563 779 2604 nostro

305 2627 384 2692 loco,
404 2624 544 2697 αἱροῦνται
559 2625 627 2694 γοῦν
640 2617 722 2676 αὐτὸν
735 2617 781 2676 ἐπὶ

240 2695 242 2700 ’
274 2712 277 2720 ’
305 2695 354 2758 τὰς
378 2697 501 2766 μεμίςυς-
518 2686 614 2768 οἶμχοὶς.
655 2685 780 2759 Legatur
809 2697 810 2703 '

305 2765 416 2832 integer
433 2759 591 2829 Apolograe
610 2757 692 2810 locus
712 2775 779 2810 cum

304 2841 375 2884 nota
398 2825 578 2882 Schneideri.
632 2823 712 2878 Adde
742 2824 778 2877 de

251 2943 259 2956 .
303 2899 375 2968 Pylo
393 2897 478 2950 abeo
514 2893 607 2946 rodita
619 2893 779 2962 judiciique

304 2981 387 3020 corru
408 2967 489 3018 tione
528 2957 690 3025 iod.1s,6l.
702 2963 777 3014 Plut.

304 2985 413 3090 Coriol.
436 3019 488 3090 tlt?
500 3034 543 3102 (p.
561 3029 651 3100 229).

321 3243 390 3294 lane
427 3239 519 3290 otiosa
552 3233 696 3314 particula
733 3252 777 3286 ου.

301 3261 376 3362 litam
392 3308 416 3363 si
437 3307 515 3360 dicas
539 3300 664 3373 simplici
679 3319 776 3372 posse,

275 3373 281 3380 ’
301 3376 383 3448 quod
402 3387 444 3428 est
463 3375 494 3426 in
505 3372 666 3446 μεταδώμεν,
686 3385 777 3445 oppo-

302 3447 332 3508 ni
354 3463 432 3496 nuno
451 3443 520 3507 hoe,
539 3453 726 3516 rectepoyse,
745 3435 777 3488 1d

301 3515 365 3568 solo
389 3512 418 3566 δέ
445 3511 514 3562 alias
539 3508 642 3560 rectius
665 3503 776 3570 mdica-

301 3596 356 3636 tur.
409 3577 496 3651 Quo'd
523 3588 618 3628 autem
642 3573 778 3651 censebat

301 3649 469 3712 Ullrichius,
483 3663 526 3696 res
549 3643 586 3698 ici
599 3662 629 3696 su
655 3643 728 3694 erius
742 3641 776 3692 tl-

300 3721 353 3774 lud
370 3735 436 3772 cum
453 3665 565 3767 servtdo
586 3662 776 3782 colloquium,

300 3789 358 3842 hoc
375 3797 441 3860 post
464 3795 523 3834 tam
545 3781 666 3848 longum
688 3779 776 3830 inter-

301 3858 409 3910 vallum
426 3854 499 3905 haec
510 3849 572 3901 sola
582 3848 723 3920 particula
736 3845 775 3897 ef-

302 3926 460 3979 iicereuon
492 3928 573 3986 otest.
603 3919 701 3986 ltaque
714 3932 775 3968 non

303 3992 430 4056 dubitavi
444 4009 460 4041 a
483 3997 591 4060 optare,
611 3983 719 4056 quoda
743 3983 775 4038 ti·

288 4055 342 4117 'mi
372 4060 487 4114 codices
521 4055 617 4108 Clark.
653 4062 682 4105 et
739 4064 774 4106 ar.

301 4130 450 4208 praebent,
470 4124 578 4195 duplex
591 4120 635 4177 ἄν.
669 4119 715 4174 cf.
731 4121 774 4174 in-

839 1117 885 1174 ira
902 1121 962 1176 Alc.
982 1123 1017 1178 ΙΙ.
1035 1132 1061 1180 8.
1079 1123 1129 1186 κᾶν
1140 1093 1260 1193 εὔξαιντο
1272 1127 1318 1183 ἅνε
1363 1107 1364 1146 l

840 1189 992 1246 Demosth.
1023 1194 1095 1246 Mid.
1120 1195 1164 1250 36.
1199 1193 1259 1252 οὔτ’
1285 1195 1318 1252 dv

838 1257 857 1312 t‘t
888 1262 914 1322 ἲς
935 1257 1105 1339 ὑπομείναιτ’
1123 1259 1172 1320 οἷ’νε
1210 1275 1239 1319 et
1254 1265 1317 1346 lege
1363 1305 1364 1334 3

869 1344 998 1381 ermanni
1034 1341 1135 1383 notata
1178 1332 1216 1402 ad
1251 1333 1337 1404 Vrg.·
1362 1361 1364 1424 ,

840 1407 920 1450 num.
938 1403 999 1480 2827

875 1538 892 1598 9
916 1533 982 1584 Duo
1003 1543 1076 1585 ¹sunt
1102 1533 1253 1600 Ismeniae,
1282 1535 1316 1590 de

842 1596 945 1670 quibus
975 1603 1099 1654 coritare
1130 1601 1179 1655 hic
1211 1605 1316 1674 aliquis

839 1668 939 1740 possit,
963 1622 1054 1740 prdhe
1090 1681 1189 1723 tamen
1217 1672 1317 1726 distin·

840 1733 956 1806 guendi.
995 1738 1123 1792 Alterum
1148 1739 1317 1794 Plutarchus

840 1807 958 1858 missum
977 1821 1035 1858 esse
1054 1805 1141 1860 refert
1157 1809 1206 1862 Ol.
1222 1817 1281 1865 103.
1294 1815 1318 1864 2.

839 1873 877 1926 arl
895 1891 989 1944 regem
1007 1869 1155 1946 Bersartim
1171 1895 1233 1931 una
1253 1877 1318 1930 crim

838 1941 908 1994 Pelo
932 1941 989 2007 ida,
1013 1944 1092 2013 cujus
1114 1941 1225 1997 amicus
1247 1958 1317 1998 teste

839 2009 898 2060 Dio
921 2028 973 2061 oro
1003 2010 1052 2062 ille
1085 2023 1152 2064 erat.
1207 2013 1316 2068 Ver'um

840 2073 1048 2145 consideranti,
1063 2097 1121 2150 qua
1138 2083 1253 2136 ratione
1266 2085 1310 2135 Po-

838 2145 952 2216 lepidas
971 2158 1033 2198 tum
1052 2147 1085 2199 in
1103 2151 1223 2218 gratiam
1244 2153 1314 2222 regis

838 2211 970 2280 venerat,
1008 2229 1126 2286 apparet
1159 2219 1315 2272 ismeniam

839 2282 956 2334 nonnisi
976 2295 1069 2354 partes
1088 2287 1228 2339 secundas
1247 2290 1313 2358 egis·

837 2347 877 2417 se,
897 2367 991 2469 neque
1006 2349 1184 2414 credendum
1206 2368 1314 2408 esttam

836 2420 934 2487 magni
948 2416 996 2471 teis
1009 2437 1075 2472 eunt
1087 2417 1171 2484 donis
1182 2435 1254 2476 tunc
1263 2445 1313 2476 ru-

837 2487 978 2544 mulatum
1015 2505 1082 2542 esse.
1138 2491 1221 2556 Alius
1263 2493 1316 2546 suit

835 2555 971 2608 Ismenias
995 2557 1055 2626 qui,
1080 2557 1138 2630 jam
1155 2560 1203 2613 Ol.
1225 2567 1270 2630 99,
1288 2569 1313 2617 3.

835 2623 1072 2678 Lacedaemoniis
1096 2627 1257 2682 Cadmeam
1276 2642 1314 2682 te·

837 2693 982 2758 nantibus,
1008 2705 1147 2764 tanquam
1174 2697 1235 2749 dux
1252 2717 1314 2770 par·

835 2760 909 2813 tium
924 2757 1121 2832 oppositarum
1134 2777 1228 2817 morte
1242 2768 1314 2822 mul·

835 2839 909 2880 tatus
936 2841 986 2894 ost,
1010 2842 1043 2881 ut
1064 2831 1151 2885 refert
1175 2835 1313 2906 Xenoph.

815 2890 911 2950 ‘Hett
929 2903 954 2964 5,
973 2903 998 2963 2,
1017 2903 1060 2952 25.
1081 2899 1123 2954 26.
1160 2903 1224 2954 Jam
1243 2922 1314 2955 eun·

836 2964 903 3017 dem
921 2965 1000 3018 idem
1022 2979 1118 3018 narrat
1129 2971 1254 3043 scriptor
1273 2972 1313 3024 ib.

782 3030 786 3038 ’
835 3040 862 3098 3,
889 3037 916 3100 5,
941 3043 964 3088 1.
996 3052 1030 3086 ex
1061 3053 1183 3091 numero
1212 3057 1314 3092 eorttm

658 3151 672 3182 ς
742 3161 756 3182 ¹,
776 3114 778 3122 ’
835 3098 1013 3180 Thebarum,
1029 3103 1163 3162 Corinthi
1183 3119 1212 3160 et
1223 3111 1313 3179 Argo.

175 3217 176 3224 ,
248 3235 252 3250 Ι
315 3228 318 3236 ,
337 3180 352 3228 8
370 3172 463 3263 Vplgo
481 3161 624 3230 siudtatctl'
636 3184 671 3218 αυ
690 3185 718 3237 μ.
734 3183 778 3248 αν,

836 3188 899 3222 rum
924 3171 1090 3242 principum
1112 3170 1211 3244 fuisse,
1238 3178 1313 3230 inter

836 3255 908 3308 quos
922 3257 956 3291 eo
974 3253 1113 3312 tempore,
1129 3261 1266 3312 quorem
1280 3248 1312 3299 in

834 3307 900 3358 Asia
919 3325 1055 3428 prospere
1103 3324 1194 3363 areret
1216 3311 1313 3385 Agesi-

834 3374 906 3440 laus,
917 3387 949 3426 ut
960 3376 994 3427 be
1007 3329 1099 3430 lumb6
1118 3383 1224 3436 artanis
1235 3402 1312 3436 com·

834 3455 991 3508 moverent,
1020 3441 1044 3498 L
1068 3398 1180 3500 talenta
1203 3455 1314 3523 argenti

834 3511 1010 3566 distribuerit
1034 3510 1224 3586 Tithraustes,
1251 3523 1313 3574 Tis-

834 3579 982 3649 saphernis
1010 3599 1165 3638 successor.
1202 3589 1313 3660 .Quod

832 3647 942 3700 factum
962 3666 1020 3702 esse
1042 3663 1156 3722 oportet
1177 3657 1282 3723 Ol,'9[,‚
1299 3667 1311 3714 1

833 3717 928 3770 ve12:
954 3734 988 3769 eo
1012 3736 1046 3770 ue
1072 3719 1227 3777 referenda
1247 3745 1312 3780 ceu·

833 3801 882 3836 seo
901 3785 988 3850 verba
1020 3785 1135 3846 latonis.
1175 3794 1311 3863 Polym.

832 3849 868 3906 tis
886 3865 989 3918 autem,
1008 3855 1172 3912 Samiorum
1185 3867 1312 3932 tyranni,

833 3921 959 3986 divitiae,
979 3922 1043 3986 nisi,
1064 3927 1144 3994 quod
1153 3947 1312 4004 magnope-

833 4007 863 4041 re
883 3990 954 4042 mihi
973 3989 1090 4062 quidem
1109 3995 1234 4065 videtur,
1261 4019 1313 4073 per

833 4051 1016 4130 proverbium
1043 4059 1117 4114 forte
1140 4061 1190 4122 hic
1216 4073 1311 4124 nonai·

833 4113 953 4192 naniur,
966 4129 996 4180 in
1015 4127 1108 4184 Asiam
1127 4136 1313 4204 potissimum

1216 4208 1311 4260 mitto·

1184 4284 1191 4302 t
